@article{Trieloff1998100Schlaganfall,
    title = {{100 Jahre Aspirin: Neue Indikation Fur Ass Bei Akutem Schlaganfall}},
    year = {1998},
    journal = {Zeitschrift fur Allgemeinmedizin},
    author = {Trieloff, I.},
    number = {7},
    pages = {362},
    volume = {74},
    issn = {03419835},
    keywords = {business ethics, cio, cloud computing, computer ethics}
}

@article{Toimela20172015-FastEstimation.pdf,
    title = {{2015-Fast calculation of {$\alpha$}-stable density functions based on off-line precomputations. Application to ML parameter estimation.pdf}},
    year = {2017},
    author = {Toimela, Samu},
    isbn = {978-989-671-322-5}
}

@inproceedings{Stillwell2015AProject,
    title = {{A DevOps approach to integration of software components in an EU research project}},
    year = {2015},
    booktitle = {Proceedings of the 1st International Workshop on Quality-Aware DevOps - QUDOS 2015},
    author = {Stillwell, Mark and Coutinho, Jose G. F.},
    pages = {1--6},
    publisher = {ACM Press},
    url = {http://dl.acm.org/citation.cfm?doid=2804371.2804372},
    address = {New York, New York, USA},
    isbn = {9781450338172},
    doi = {10.1145/2804371.2804372},
    keywords = {Ansible, Automated Testing, BuildBot, Configuration Management, DevOps, Docker, GitLab, OpenStack, Vagrant}
}

@article{Oh2015AStorages,
    title = {{A distributed file system over unreliable network storages}},
    year = {2015},
    journal = {International Conference on ICT Convergence 2015: Innovations Toward the IoT, 5G, and Smart Media Era, ICTC 2015},
    author = {Oh, Kyunghee and Choi, Dooho},
    pages = {653--657},
    isbn = {9781467371155},
    doi = {10.1109/ICTC.2015.7354631},
    keywords = {Clustered file system, Erasure code, Personal cloud storage}
}

@article{Chang2018AProvisioning,
    title = {{A Kubernetes-Based Monitoring Platform for Dynamic Cloud Resource Provisioning}},
    year = {2018},
    journal = {2017 IEEE Global Communications Conference, GLOBECOM 2017 - Proceedings},
    author = {Chang, Chia Chen and Yang, Shun Ren and Yeh, En Hau and Lin, Phone and Jeng, Jeu Yih},
    pages = {1--6},
    volume = {2018-Janua},
    isbn = {9781509050192},
    doi = {10.1109/GLOCOM.2017.8254046},
    keywords = {Container, Docker, Kubernetes, dynamic resource provisioning, monitoring}
}

@article{Zhu2009ASupport,
    title = {{A network file storage model with security and information retrieval support}},
    year = {2009},
    journal = {2009 4th International Conference on Innovative Computing, Information and Control, ICICIC 2009},
    author = {Zhu, Wei Heng and Long, Shun},
    pages = {425--428},
    isbn = {9780769538730},
    doi = {10.1109/ICICIC.2009.30},
    keywords = {- based search only, content-based, instead}
}

@article{Tang2005AClusters,
    title = {{A new way to high performance NFS for clusters}},
    year = {2005},
    journal = {Parallel and Distributed Computing, Applications and Technologies, PDCAT Proceedings},
    author = {Tang, Rongfeng and Xiong, Jin and Ma, Jie and Meng, Dan},
    pages = {51--55},
    volume = {2005},
    isbn = {0769524052},
    doi = {10.1109/PDCAT.2005.30}
}

@article{Garcia2003AServers,
    title = {{A parallel and fault tolerant file system based on NFS servers}},
    year = {2003},
    journal = {Proceedings - 11th Euromicro Conference on Parallel, Distributed and Network-Based Processing, Euro-PDP 2003},
    author = {Garc{\'{i}}a, F. and Calder{\'{o}}n, A. and Carretero, J. and P{\'{e}}rez, J. M. and Fern{\'{a}}ndez, J.},
    pages = {83--90},
    isbn = {0769518753},
    doi = {10.1109/EMPDP.2003.1183570},
    issn = {1066-6192},
    keywords = {Computer architecture, Computer science, Fault tolerance, Fault tolerant systems, File servers, File systems, Libraries, Linux, Parallel processing, Space technology}
}

@article{Xavier2015AClouds,
    title = {{A performance isolation analysis of disk-intensive workloads on container-based clouds}},
    year = {2015},
    journal = {Proceedings - 23rd Euromicro International Conference on Parallel, Distributed, and Network-Based Processing, PDP 2015},
    author = {Xavier, Miguel G. and De Oliveira, Israel C. and Rossi, Fabio D. and Dos Passos, Robson D. and Matteussi, Kassiano J. and De Rose, Cesar A.F.},
    pages = {253--260},
    isbn = {9781479984909},
    doi = {10.1109/PDP.2015.67},
    issn = {1066-6192},
    keywords = {Cloud computing, Container-based virtualization, Disk-intensive workload, Performance isolation}
}

@article{Oikawa2015AcceleratingStorage,
    title = {{Accelerating storage access by combining block storage with memory storage}},
    year = {2015},
    journal = {2015 IEEE/ACIS 14th International Conference on Computer and Information Science, ICIS 2015 - Proceedings},
    author = {Oikawa, Shuichi},
    pages = {449--454},
    publisher = {IEEE},
    isbn = {9781479986798},
    doi = {10.1109/ICIS.2015.7166635},
    keywords = {device drivers, non-volatile memory, operating systems, storage}
}

@inproceedings{Bartling2013AnTransitions,
    title = {{An 8MHz 75{$\mu$}A/MHz zero-leakage non-volatile logic-based cortex-M0 MCU SoC exhibiting 100{\%} digital state retention at VDD=0V with <400ns wakeup and sleep transitions}},
    year = {2013},
    booktitle = {Digest of Technical Papers - IEEE International Solid-State Circuits Conference},
    author = {Bartling, Steven C. and Khanna, Sudhanshu and Clinton, Michael P. and Summerfelt, Scott R. and Rodriguez, John A. and McAdams, Hugh P.},
    pages = {432--433},
    volume = {56},
    url = {https://www.docker.com/resources/what-container https://www.docker.com/what-container},
    isbn = {9781467345132},
    doi = {10.1109/ISSCC.2013.6487802},
    issn = {01936530},
    pmid = {14038},
    arxivId = {Eriksen2004a.pdf}
}

@article{Boettiger2015AnResearch,
    title = {{An introduction to Docker for reproductible research}},
    year = {2015},
    journal = {ACM SIGOPS Operating Systems Review},
    author = {Boettiger, Carl},
    number = {1},
    pages = {71--79},
    volume = {49},
    doi = {10.1145/2723872.2723882},
    issn = {01635980}
}

@article{Momin2013AnSystems,
    title = {{An object interface storage node for clustered file systems}},
    year = {2013},
    journal = {Proceedings - IEEE International Conference on Cluster Computing, ICCC},
    author = {Momin, Orko and Chandy, John A.},
    pages = {1--5},
    isbn = {9781479908981},
    doi = {10.1109/CLUSTER.2013.6702624},
    issn = {15525244},
    keywords = {Linux file system, b-trees, clustered storage, object interface, object storage devices, object-based storage}
}

@article{Felter2015AnContainers,
    title = {{An updated performance comparison of virtual machines and Linux containers}},
    year = {2015},
    journal = {ISPASS 2015 - IEEE International Symposium on Performance Analysis of Systems and Software},
    author = {Felter, Wes and Ferreira, Alexandre and Rajamony, Ram and Rubio, Juan},
    pages = {171--172},
    isbn = {9781479919567},
    doi = {10.1109/ISPASS.2015.7095802},
    issn = {1035-3712}
}

@article{Bui2015AnalysisSecurity,
    title = {{Analysis of Docker Security}},
    year = {2015},
    author = {Bui, Thanh},
    url = {http://arxiv.org/abs/1501.02967},
    doi = {DOI:10.1116/1.585188},
    issn = {0734211X},
    arxivId = {1501.02967},
    keywords = {containers, docker, security}
}

@article{Depardon2013AnalysisSystems,
    title = {{Analysis of Six Distributed File Systems}},
    year = {2013},
    author = {Depardon, Benjamin and Le Mahec, Ga'l and S{\'{e}}guin, Cyril},
    pages = {44},
    url = {https://hal.inria.fr/hal-00789086%0Ahttps://hal.archives-ouvertes.fr/file/index/docid/789086/filename/a_survey_of_dfs.pdf},
    doi = {https://hal.inria.fr/hal-00789086/document},
    keywords = {Ceph, Distributed file system, GlusterFS, HDFS, Lustre, MooseFS, iRODS}
}

@article{Seifermann2017ApplicationSystems,
    title = {{Application Performance Monitoring in Microservice-Based Systems}},
    year = {2017},
    author = {Seifermann, Valentin},
    url = {https://elib.uni-stuttgart.de/bitstream/11682/9844/1/Application Performance Monitoring In Microservice-Based Systems_ValentinSeifermann.pdf}
}

@article{Brim2013AsynchronousData,
    title = {{Asynchronous object storage with QoS for scientific and commercial big data}},
    year = {2013},
    journal = {Proceedings of the 8th Parallel Data Storage Workshop on - PDSW '13},
    author = {Brim, Michael J. and Dillow, David A. and Oral, Sarp and Settlemyer, Bradley W. and Wang, Feiyi},
    pages = {7--13},
    url = {http://dl.acm.org/citation.cfm?doid=2538542.2538565},
    isbn = {9781450325059},
    doi = {10.1145/2538542.2538565}
}

@article{BornemannBachelorarbeitGegensprechanlage,
    title = {{Bachelorarbeit Sven Boris Bornemann Android-basierte Smart Home Interaktion am Beispiel einer Gegensprechanlage}},
    author = {Bornemann, Sven Boris}
}

@article{Burns2016BorgKubernetes,
    title = {{Borg, Omega, and Kubernetes}},
    year = {2016},
    journal = {Queue},
    author = {Burns, Brendan and Grant, Brian and Oppenheimer, David and Brewer, Eric and Wilkes, John},
    number = {1},
    month = {1},
    pages = {70--93},
    volume = {14},
    publisher = {ACM},
    url = {http://dl.acm.org/citation.cfm?doid=2898442.2898444},
    doi = {10.1145/2898442.2898444},
    issn = {15427730}
}

@inproceedings{Li2018BuildingProgram,
    title = {{Building a Cloud-Ready Program}},
    year = {2018},
    booktitle = {Proceedings of the 2nd International Conference on Advances in Image Processing - ICAIP '18},
    author = {Li, Qiankun and Yin, Gang and Wang, Tao and Yu, Yue},
    pages = {159--164},
    url = {https://doi.org/10.1145/3239576.3239605 http://dl.acm.org/citation.cfm?doid=3239576.3239605},
    isbn = {9781450364607},
    doi = {10.1145/3239576.3239605},
    keywords = {Build system, Concurrent build, Container, Kubernetes}
}

@article{Lipke2017BuildingDocker,
    title = {{Building a Secure Software Supply Chain using Docker}},
    year = {2017},
    author = {Lipke, Simon}
}

@article{Weil2006CephSystem,
    title = {{Ceph : A Scalable , High-Performance Distributed File System}},
    year = {2006},
    journal = {Osdi '06},
    author = {Weil, Sage a and Brandt, Scott a and Miller, Ethan L and Long, Darrell D E},
    pages = {307--320},
    isbn = {1931971471},
    doi = {10.1.1.110.4574},
    issn = {1-931971-47-1},
    pmid = {20648209}
}

@article{CarlosMaltzahnEstebanMolina-EstolanoAmandeepKhuranaAlexJ.NelsonScottA.Brandt2010CephSystem,
    title = {{Ceph as a scalable alternative to the Hadoop Distributed File System}},
    year = {2010},
    journal = {Usenix},
    author = {Carlos Maltzahn, Esteban Molina-Estolano, Amandeep Khurana, Alex J. Nelson, Scott A. Brandt, Sage Weil},
    number = {4},
    pages = {38--49},
    volume = {35},
    url = {http://static.usenix.org/publications/login/2010-08/openpdfs/maltzahn.pdf}
}

@article{Zhang2016CephCloud,
    title = {{Ceph Distributed File System Benchmarks on an Openstack Cloud}},
    year = {2016},
    journal = {Proceedings - 2015 IEEE International Conference on Cloud Computing in Emerging Markets, CCEM 2015},
    author = {Zhang, X. and Gaddam, S. and Chronopoulos, A. T.},
    pages = {113--120},
    isbn = {9781467385664},
    doi = {10.1109/CCEM.2015.12},
    keywords = {Benchmarks, Ceph distributed file storage, Open Stack Cloud}
}

@article{Azginoglu2018Ceph-basedApplication,
    title = {{Ceph-based storage server application}},
    year = {2018},
    journal = {2018 6th International Symposium on Digital Forensic and Security (ISDFS)},
    author = {Azgino{\u{g}}lu, N and Eren, M A and {\c{C}}elık, M and Aydin, Z},
    pages = {1--4},
    isbn = {VO  -},
    doi = {10.1109/ISDFS.2018.8355391},
    keywords = {Ceph, Computer architecture, File systems, Linux, Microsoft Windows, Monitoring, Proxmox servers, Servers, Windows, cloud computing, distributed file system, file servers, high performance distributed file system, network operating systems, operating systems, operating systems (computers), performance evaluation, proxmox, raid, scalable performance distributed file system, software performance evaluation, storage, storage management, storage server, storage server application, storage system, virtual servers, virtualisation}
}

@article{Weil2007Ceph:Storage,
    title = {{Ceph: Reliable, Scalable, and High-Performance Distributed Storage}},
    year = {2007},
    journal = {Annals of Physics},
    author = {Weil, Sage a},
    number = {6},
    pages = {239},
    volume = {129},
    url = {http://ceph.newdream.net/weil-thesis.pdf},
    isbn = {978-0-549-31235-2},
    doi = {10.1136/oemed-2013-101903},
    issn = {1351-0711}
}

@article{Du2018Cider:Storage,
    title = {{Cider: A Rapid Docker Container Deployment System through Sharing Network Storage}},
    year = {2018},
    journal = {Proceedings - 2017 IEEE 19th Intl Conference on High Performance Computing and Communications, HPCC 2017, 2017 IEEE 15th Intl Conference on Smart City, SmartCity 2017 and 2017 IEEE 3rd Intl Conference on Data Science and Systems, DSS 2017},
    author = {Du, Lian and Wo, Tianyu and Yang, Renyu and Hu, Chunming},
    pages = {332--339},
    volume = {2018-Janua},
    isbn = {9781538625880},
    doi = {10.1109/HPCC-SmartCity-DSS.2017.44},
    keywords = {application deployment, container, copy-on-write, network storage}
}

@article{GlusterCloudArchitecture,
    title = {{Cloud Storage for the Modern Data Center An Introduction to Gluster Architecture}},
    author = {{Gluster}},
    url = {https://confluence.oceanobservatories.org/download/attachments/30998760/An_Introduction_To_Gluster_ArchitectureV7_110708.pdf},
    keywords = {application, file systems, glusterfs, manual}
}

@article{Pizzolli2017Cloud4IoT:IoT,
    title = {{Cloud4IoT: A heterogeneous, distributed and autonomic cloud platform for the IoT}},
    year = {2017},
    journal = {Proceedings of the International Conference on Cloud Computing Technology and Science, CloudCom},
    author = {Pizzolli, Daniele and Cossu, Giuseppe and Santoro, Daniele and Capra, Luca and Dupont, Corentin and Charalampos, Dukas and De Pellegrini, Francesco and Antonelli, Fabio and Cretti, Silvio},
    pages = {476--479},
    isbn = {9781509014453},
    doi = {10.1109/CloudCom.2016.0082},
    issn = {23302186},
    arxivId = {1810.01839},
    keywords = {Docker, Edge Cloud, Fog Computing, Internet of Things, Kubernetes, Open-Stack, Orchestrator, PaaS}
}

@article{Bertsche2018ClusterPostgreSQL,
    title = {{Cluster File Systems : A Look at Implementing GlusterFS Supporting Dockerized Db2 {\textregistered} , MongoDB , and PostgreSQL}},
    year = {2018},
    author = {Bertsche, Ryan and Smith, Dulce},
    pages = {1--56}
}

@book{Hausenblas2018ContainerKubernetes,
    title = {{Container Networking From Docker to Kubernetes}},
    year = {2018},
    author = {Hausenblas, Michael},
    url = {https://www.nginx.com/solutions/web-mobile-acceleration/},
    isbn = {9781492036814}
}

@article{Javed2016Container-basedFramework,
    title = {{Container-based IoT Sensor Node on Raspberry Pi and the Kubernetes Cluster Framework}},
    year = {2016},
    author = {Javed, Asad}
}

@article{Soltesz2007Container-basedHypervisors,
    title = {{Container-based operating system virtualization: a scalable, high-performance alternative to hypervisors}},
    year = {2007},
    journal = {ACM SIGOPS Operating Systems Review},
    author = {Soltesz, Stephen and P{\"{o}}tzl, Herbert and Fiuczynski, Marc E and Bavier, Andy and Peterson, Larry},
    number = {3},
    pages = {275},
    volume = {41},
    isbn = {978-1-59593-636-3},
    doi = {10.1145/1272998.1273025},
    issn = {01635980},
    pmid = {52111309},
    keywords = {hypervisor op-, linux-vserver xen virtualization container}
}

@article{Tosatto2015Container-BasedChallenges,
    title = {{Container-Based Orchestration in Cloud: State of the Art and Challenges}},
    year = {2015},
    journal = {Proceedings - 2015 9th International Conference on Complex, Intelligent, and Software Intensive Systems, CISIS 2015},
    author = {Tosatto, Andrea and Ruiu, Pietro and Attanasio, Antonio},
    pages = {70--75},
    isbn = {9781479988709},
    doi = {10.1109/CISIS.2015.35},
    keywords = {cloud computing, containers, orchestration, system-level virtualization}
}

@article{Giles2016Container-basedStorage,
    title = {{Container-based virtualization for byte-addressable NVM data storage}},
    year = {2016},
    journal = {Proceedings - 2016 IEEE International Conference on Big Data, Big Data 2016},
    author = {Giles, Ellis R.},
    pages = {2754--2763},
    isbn = {9781467390040},
    doi = {10.1109/BigData.2016.7840923}
}

@article{Pahl2015ContainerizationCloud,
    title = {{Containerization and the PaaS Cloud}},
    year = {2015},
    journal = {IEEE Cloud Computing},
    author = {Pahl, Claus},
    number = {3},
    pages = {24--31},
    volume = {2},
    isbn = {0769556817},
    doi = {10.1109/MCC.2015.51},
    issn = {23256095},
    arxivId = {1511.02043},
    keywords = {Docker, Kubernetes, PaaS, cloud, cloud computing, cluster, container, multicloud, virtualization}
}

@article{Singh2017ContainersTechnology,
    title = {{Containers {\&} Docker: Emerging roles {\&} future of Cloud technology}},
    year = {2017},
    journal = {Proceedings of the 2016 2nd International Conference on Applied and Theoretical Computing and Communication Technology, iCATccT 2016},
    author = {Singh, Sachchidanand and Singh, Nirmala},
    pages = {804--807},
    isbn = {9781509023981},
    doi = {10.1109/ICATCCT.2016.7912109},
    keywords = {Bluemix, Carina, Cloud, Cloud Foundry, Containers, CoreOS, Docker, Hyper-V Containers, Hypervisor, Kubernetes, Virtualization, Windows Server Containers}
}

@article{Bernstein2014ContainersKubernetes,
    title = {{Containers and cloud: From LXC to docker to kubernetes}},
    year = {2014},
    journal = {IEEE Cloud Computing},
    author = {Bernstein, David},
    number = {3},
    pages = {81--84},
    volume = {1},
    isbn = {2325-6095},
    doi = {10.1109/MCC.2014.51},
    issn = {23256095},
    keywords = {cloud, containers, dockers, virtual machines}
}

@inproceedings{Arachchi2018ContinuousManagement,
    title = {{Continuous integration and continuous delivery pipeline automation for agile software project management}},
    year = {2018},
    booktitle = {MERCon 2018 - 4th International Multidisciplinary Moratuwa Engineering Research Conference},
    author = {Arachchi, S. A.I.B.S. and Perera, Indika},
    month = {5},
    pages = {156--161},
    publisher = {IEEE},
    url = {https://ieeexplore.ieee.org/document/8421965/},
    isbn = {9781538644171},
    doi = {10.1109/MERCon.2018.8421965},
    issn = {01695347},
    pmid = {23369407},
    keywords = {agile project management, configuration management, continuous delivery, continuous integration, version management}
}

@article{BalzerContractedProgramming,
    title = {{Contracted Persistent Object Programming}},
    journal = {Engineering},
    author = {Balzer, Stephanie}
}

@article{Hogan2013DataCenter,
    title = {{Data center}},
    year = {2013},
    journal = {ASHRAE Journal},
    author = {Hogan, Mél},
    number = {10},
    pages = {51},
    volume = {55},
    isbn = {9783319320014},
    doi = {10.1016/S1369-7021(03)01047-2},
    issn = {13697021}
}

@article{Sharma2013DataComputing,
    title = {{Data Storage Security in Cloud Computing}},
    year = {2013},
    author = {Sharma, Kapila and Kanwar, Kavita and Yadav, Chanderjeet},
    number = {1},
    pages = {1309--1312},
    volume = {2},
    isbn = {9781509014965},
    keywords = {authentication, compression, credentials, data decryption, data encryption, decompression, security, storage in the cloud, term continuous assurance of, the problem of, their data safety, verifying correctness of data}
}

@techreport{MoilanenDeployingKubernetes,
    title = {{Deploying an application using Docker and Kubernetes}},
    author = {Moilanen, Miika},
    url = {https://www.theseus.fi/bitstream/handle/10024/146845/Moilanen_Miika_Opinnaytetyo.pdf?sequence=1&isAllowed=y}
}

@article{Vayghan2018DeployingLearned,
    title = {{Deploying Microservice Based Applications with Kubernetes : Experiments and Lessons Learned}},
    year = {2018},
    journal = {2018 IEEE 11th International Conference on Cloud Computing (CLOUD)},
    author = {Vayghan, Leila Abdollahi and Toeroe, Maria},
    month = {7},
    pages = {970--973},
    publisher = {IEEE},
    url = {https://ieeexplore.ieee.org/document/8457916/},
    isbn = {978-1-5386-7235-8},
    doi = {10.1109/CLOUD.2018.00148},
    issn = {2159-6190},
    keywords = {7, availability, containers, deployment and operations of, docker, failure, is an open source, kubernetes, microservices, orchestration, platform that, platform to manage the}
}

@article{Oh2018DesignSystem,
    title = {{Design of global data deduplication for a scale-out distributed storage system}},
    year = {2018},
    journal = {Proceedings - International Conference on Distributed Computing Systems},
    author = {Oh, Myoungwon and Park, Sejin and Yoon, Jungyeon and Kim, Sangjae and Lee, Kang Won and Weil, Sage and Yeom, Heon Y. and Jung, Myoungsoo},
    pages = {1063--1073},
    volume = {2018-July},
    isbn = {9781538668719},
    doi = {10.1109/ICDCS.2018.00106},
    keywords = {Decentralized system, Deduplication, Scale out Distributed Storage System}
}

@book{Saito2017DevOpsOrchestrators,
    title = {{DevOps with Kubernetes : accelerating software delivery with container orchestrators}},
    year = {2017},
    author = {Saito, Hideto and Lee, Hui-Chuan Chloe and Wu, Cheng-Yang},
    url = {https://www.safaribooksonline.com/library/view/devops-with-kubernetes/9781788396646/},
    isbn = {9781788396646}
}

@article{ArbeitDieErklarung,
    title = {{Die Performanzunterschiede von nativem System , KVM , Docker und Docker in KVM anhand Atlassian Jira Eidesstattliche Erkl{\"{a}}rung}},
    author = {Arbeit, Wissenschaftliche and Stoffel, Tim}
}

@article{Anderson2015Docker,
    title = {{Docker}},
    year = {2015},
    journal = {IEEE Software},
    author = {Anderson, Charles},
    number = {3},
    pages = {102--105},
    volume = {32},
    isbn = {0740-7459 VO - 32},
    doi = {10.1109/MS.2015.62},
    issn = {07407459},
    pmid = {25246403},
    arxivId = {arXiv:1011.1669v3},
    keywords = {Docker, Docker containers, James Turnbull, SE Radio, Software Engineering Radio, microservices}
}

@article{Peinl2016DockerSolution,
    title = {{Docker Cluster Management for the Cloud - Survey Results and Own Solution}},
    year = {2016},
    journal = {Journal of Grid Computing},
    author = {Peinl, René and Holzschuher, Florian and Pfitzer, Florian},
    number = {2},
    month = {6},
    pages = {265--282},
    volume = {14},
    publisher = {Springer Netherlands},
    url = {http://link.springer.com/10.1007/s10723-016-9366-y},
    isbn = {1570-7873, 1572-9184},
    doi = {10.1007/s10723-016-9366-y},
    issn = {15729184},
    keywords = {Cloud computing, Container, Docker, Management tools, Microservices, System integration}
}

@article{Peinl2016DockerSolutionb,
    title = {{Docker Cluster Management for the Cloud - Survey Results and Own Solution}},
    year = {2016},
    journal = {Journal of Grid Computing},
    author = {Peinl, René and Holzschuher, Florian and Pfitzer, Florian},
    number = {2},
    pages = {265--282},
    volume = {14},
    isbn = {1570-7873, 1572-9184},
    doi = {10.1007/s10723-016-9366-y},
    issn = {15729184},
    keywords = {Cloud computing, Container, Docker, Management tools, Microservices, System integration}
}

@article{Docker2016EBook:Admin,
    title = {{eBook: Docker for the Virtualization Admin}},
    year = {2016},
    author = {{Docker}},
    pages = {12},
    url = {https://goto.docker.com/rs/929-FJL-178/images/Docker-for-Virtualization-Admin-eBook.pdf?mkt_tok=eyJpIjoiWkRZNVpEUmhZak5rTlRVMSIsInQiOiJXRlFqZEtcL3JSakZpN2xranNrMzZmVkhZcDQ5aXZkK0RwZVlcLzBSXC9haW9lWmthTHJkSUVROWt1OEF1VXRYTlRoRENDVzFiZmZ4ODlaWXV6bHJ3OUFIWnl}
}

@article{Carmona2009EffectOsteochondrosis,
    title = {{Effect of the administration of an oral hyaluronan formulation on clinical and biochemical parameters in young horses with osteochondrosis}},
    year = {2009},
    journal = {Veterinary and Comparative Orthopaedics and Traumatology},
    author = {Carmona, Jorge U. and Arg{\"{u}}elles, D. and Deulofeu, R. and Mart{\'{i}}nez-Puig, D. and Prades, M.},
    number = {6},
    pages = {455--459},
    volume = {22},
    isbn = {1873-3468},
    doi = {10.1016/j.febslet.2012.09.029},
    issn = {00145793},
    pmid = {19876524},
    keywords = {Equine osteochondrosis, Nitric oxide, Oral hyaluronan, Prostaglandin E2, Synovial fluid}
}

@article{Renner2015EvaluationBachelorarbeit,
    title = {{Evaluation of Container Technology as a Model for the Infrastructure of the In- ternet of Things Evaluation der Container Technologie als Modell f{\"{u}}r die Infrastruktur des Internets der Dinge Bachelorarbeit}},
    year = {2015},
    author = {Renner, Mathias and Krieger, Udo},
    keywords = {steller}
}

@article{Blomer2015ExperiencesSystems,
    title = {{Experiences on File Systems}},
    year = {2015},
    author = {Blomer, Jakob}
}

@article{Blomer2015ExperiencesYou,
    title = {{Experiences on file systems: Which is the best file system for you?}},
    year = {2015},
    journal = {Journal of Physics: Conference Series},
    author = {Blomer, J.},
    number = {4},
    volume = {664},
    doi = {10.1088/1742-6596/664/4/042004},
    issn = {17426596}
}

@article{Song2007FabricationActivities,
    title = {{Fabrication of hollow hybrid microspheres coated with silica/titania via sol-gel process and enhanced photocatalytic activities}},
    year = {2007},
    journal = {Journal of Physical Chemistry C},
    author = {Song, Xuefeng and Gao, Lian},
    number = {23},
    pages = {8180--8187},
    volume = {111},
    url = {http://edoc.sub.uni-hamburg.de/haw/volltexte/2017/4057/pdf/BA.pdf},
    isbn = {1932-7447},
    doi = {10.1021/jp071142j},
    issn = {19327447},
    pmid = {18945439}
}

@article{Wu2017FileHDFS,
    title = {{File placement mechanisms for improving write throughputs of cloud storage services based on Ceph and HDFS}},
    year = {2017},
    journal = {Proceedings of the 2017 IEEE International Conference on Applied System Innovation: Applied System Innovation for Modern Technology, ICASI 2017},
    author = {Wu, Chun Feng and Hsu, Tse Chuan and Yang, Hongji and Chung, Yeh Ching},
    pages = {1725--1728},
    isbn = {9781509048977},
    doi = {10.1109/ICASI.2017.7988272},
    keywords = {Ceph, Cloud Storage, HDFS, Hybrid Distributed File System}
}

@article{Peyrouze1996FT-NFS:Workstations,
    title = {{FT-NFS: an efficient fault-tolerant NFS server designed for off-the-shelf workstations}},
    year = {1996},
    journal = {Proceedings of Annual Symposium on Fault Tolerant Computing},
    author = {Peyrouze, N. and Muller, G.},
    pages = {64--73},
    url = {http://ieeexplore.ieee.org/lpdocs/epic03/wrapper.htm?arnumber=534595},
    isbn = {0-8186-7261-7},
    doi = {10.1109/FTCS.1996.534595},
    issn = {07313071}
}

@article{Vef2018GekkoFS-APaper,
    title = {{GekkoFS-A temporary distributed file system for HPC applications Short paper}},
    year = {2018},
    author = {Vef, Marc-André and Moti, Nafiseh and S{\"{u}}{\ss}, Tim and Tocci, Tommaso and Nou, Ramon and Miranda, Alberto and Cortes, Toni and Brinkmann, André},
    doi = {10.1109/CLUSTER.2018.00049},
    keywords = {Burst Buffers, HPC, Index Terms-Distributed File Systems}
}

@techreport{Baier2017GettingEase,
    title = {{Getting Started with Kubernetes Second Edition Harness the power of Kubernetes to manage Docker deployments with ease}},
    year = {2017},
    author = {Baier, Jonathan},
    url = {www.packtpub.com},
    isbn = {1787283364, 9781787283367},
    issn = {9781787283367}
}

@book{Peter2014GrundkursBetriebssystene,
    title = {{Grundkurs Betriebssystene}},
    year = {2014},
    booktitle = {Climate Change 2013 - The Physical Science Basis},
    author = {Peter, Mandl},
    number = {4},
    pages = {1--399},
    volume = {186},
    url = {http://link.springer.com/10.1007/978-3-658-06218-7%5Cnhttp://link.springer.com/10.1007/978-1-4614-6080-0},
    isbn = {978-3-658-06217-0},
    doi = {10.1007/978-3-658-06218-7},
    keywords = {Peter Mandl}
}

@article{Mann1988HIVZaire,
    title = {{HIV infection and associated risk factors in female prostitutes in Kinshasa, Zaire}},
    year = {1988},
    journal = {Aids},
    author = {Mann, J. M. and Nzilambi, N. and Piot, P. and Bosenge, N. and Kalala, M. and Francis, H. and Colebunders, R. C. and Azila, P. K. and Curran, J. W. and Quinn, T. C.},
    number = {4},
    pages = {249--254},
    volume = {2},
    isbn = {9781467373494},
    doi = {10.1097/00002030-198808000-00002},
    issn = {02699370},
    pmid = {3140830}
}

@article{Morabito2015HypervisorsComparison,
    title = {{Hypervisors vs. lightweight virtualization: A performance comparison}},
    year = {2015},
    journal = {Proceedings - 2015 IEEE International Conference on Cloud Engineering, IC2E 2015},
    author = {Morabito, Roberto and Kj{\"{a}}llman, Jimmy and Komu, Miika},
    pages = {386--393},
    isbn = {9781479982189},
    doi = {10.1109/IC2E.2015.74},
    issn = {0250-7161},
    keywords = {Benchmarking, Container, Hypervisor, Performance, Virtualization}
}

@book{McAllister2017Implementing2,
    title = {{Implementing DevOps with Ansible 2}},
    year = {2017},
    author = {McAllister, Jonathan.},
    pages = {266},
    publisher = {Packt Publishing},
    url = {http://cds.cern.ch/record/2279889?ln=en},
    isbn = {9781787126510}
}

@article{Salunkhe2016InSystem,
    title = {{In search of a scalable file system state-of-the-art file systems review and map view of new Scalable File system}},
    year = {2016},
    journal = {International Conference on Electrical, Electronics, and Optimization Techniques, ICEEOT 2016},
    author = {Salunkhe, Rushikesh and Kadam, Aniket D. and Jayakumar, Naveenkumar and Thakore, Devendra},
    pages = {364--371},
    isbn = {9781467399395},
    doi = {10.1109/ICEEOT.2016.7755371},
    issn = {00189200},
    keywords = {Cluster computing, Distributed Computing, File System, Linux File system, Luster File System, Scalable File System}
}

@article{Ongaro2014InVersion,
    title = {{In Search of an Understandable Consenus Algorithm (Extended Version)}},
    year = {2014},
    journal = {Proceedings of USENIX ATC ’14},
    author = {Ongaro, Diego and Ousterhout, John},
    pages = {305--319},
    url = {http://ramcloud.stanford.edu/raft.pdf},
    isbn = {978-1-931971-10-2},
    doi = {10.1145/1529974.1529978},
    issn = {07342071},
    pmid = {380302},
    arxivId = {1505.01448}
}

@article{Tarasov2017InContainers,
    title = {{In search of the ideal storage configuration for docker containers}},
    year = {2017},
    journal = {Proceedings - 2017 IEEE 2nd International Workshops on Foundations and Applications of Self* Systems, FAS*W 2017},
    author = {Tarasov, Vasily and Rupprecht, Lukas and Skourtis, Dimitris and Warke, Amit and Hildebrand, Dean and Mohamed, Mohamed and Mandagere, Nagapramod and Li, Wenji and Rangaswami, Raju and Zhao, Ming},
    pages = {199--206},
    isbn = {9781509065585},
    doi = {10.1109/FAS-W.2017.148},
    issn = {1463-9076},
    keywords = {Containers, Docker, Storage}
}

@article{Yi2006IncFS:NFS,
    title = {{IncFS: An integrated high-performance distributed file system based on NFS}},
    year = {2006},
    journal = {Proceedings - 2006 International Workshop on Networking, Architecture, and Storages, NAS'06},
    author = {Yi, Zhao and Rongfeng, Tang and Jin, Xiong and Jie, Ma},
    pages = {87--92},
    volume = {2006},
    publisher = {IEEE},
    isbn = {0769526519},
    doi = {10.1109/IWNAS.2006.31},
    issn = {09258388},
    keywords = {- nfs}
}

@article{Ren2013InfoStor:Store,
    title = {{InfoStor: Highly available distributed block store}},
    year = {2013},
    journal = {Proceedings - IEEE 27th International Parallel and Distributed Processing Symposium Workshops and PhD Forum, IPDPSW 2013},
    author = {Ren, Yongjian and Lin, Youqing and Zhang, Jilin and Wan, Jian and Jiang, Cong Feng},
    pages = {1981--1988},
    isbn = {9780769549798},
    doi = {10.1109/IPDPSW.2013.41},
    keywords = {Block-Level Storage, Consistent Hashing, Storage Area Network (SAN), Virtualization}
}

@article{Yu2010InitialImplementations,
    title = {{Initial characterization of parallel NFS implementations}},
    year = {2010},
    journal = {Proceedings of the 2010 IEEE International Symposium on Parallel and Distributed Processing, Workshops and Phd Forum, IPDPSW 2010},
    author = {Yu, Weikuan and Vetter, Jeffrey S.},
    pages = {1--6},
    publisher = {IEEE},
    isbn = {9781424465347},
    doi = {10.1109/IPDPSW.2010.5470716}
}

@article{Curriculum2016InstitutePlatform,
    title = {{Institute of Computer Science Partitioning Enterprise Systems on Docker Platform}},
    year = {2016},
    author = {Curriculum, Computer Science},
    keywords = {cercs, computer technology, t120 systems engineering}
}

@article{Devulapalli2007IntegratingDevices,
    title = {{Integrating parallel file systems with object-based storage devices}},
    year = {2007},
    journal = {Proceedings of the 2007 ACM/IEEE conference on Supercomputing  - SC '07},
    author = {Devulapalli, Ananth and Dalessandro, Dennis and Wyckoff, Pete and Ali, Nawab and Sadayappan, P.},
    number = {May},
    pages = {1},
    url = {http://portal.acm.org/citation.cfm?doid=1362622.1362659},
    isbn = {9781595937643},
    doi = {10.1145/1362622.1362659}
}

@article{Dewan2018Julunga:Environments,
    title = {{Julunga: A New Large-Scale Distributed Read-Write File Storage System for Cloud Computing Environments}},
    year = {2018},
    journal = {2018 IEEE 32nd International Conference on Advanced Information Networking and Applications (AINA)},
    author = {Dewan, Hrishikesh and Hansdah, Ramesh C},
    pages = {942--951},
    url = {https://ieeexplore.ieee.org/document/8432340/},
    isbn = {978-1-5386-2195-0},
    doi = {10.1109/AINA.2018.00138},
    keywords = {and agreement, cloud computing, data, dis-, distributed file storage system, distributed meta-, fault-tolerance, load balancing, of availability and resilient, provides a high degree, systems, tributed consensus}
}

@article{Delnat2018K8-scalar,
    title = {{K8-scalar}},
    year = {2018},
    journal = {Proceedings of the 13th International Conference on Software Engineering for Adaptive and Self-Managing Systems  - SEAMS '18},
    author = {Delnat, Wito and Truyen, Eddy and Rafique, Ansar and Van Landuyt, Dimitri and Joosen, Wouter},
    pages = {33--39},
    volume = {18},
    publisher = {ACM},
    url = {http://dl.acm.org/citation.cfm?doid=3194133.3194162},
    isbn = {9781450357159},
    doi = {10.1145/3194133.3194162},
    issn = {02705257},
    keywords = {Autoscaling, Container orchestration, Experimentat, acm reference format, ansar rafique, autoscaling, container orchestration, dimitri van landuyt, experimentation exemplar, truyen, wito delnat and eddy, wouter}
}

@article{Cap2018KompositionBranches,
    title = {{Komposition von Microservices mittels Containern auf Basis von Feature Branches}},
    year = {2018},
    author = {Cap, Kong Minh}
}

@article{Schweiger2014KonzeptionSoftware,
    title = {{Konzeption und Implementierung einer webbasierten Security Incident Management Software}},
    year = {2014},
    author = {Schweiger, Aaron},
    url = {http://www.nm.ifi.lmu.de/pub/Fopras/schw14/PDF-Version/schw14.pdf},
    keywords = {Bachelorarbeit, Information Security Incident, LRZ, Management Software, Security Incident Management, Software, Tool, Webanwendung}
}

@techreport{StudiengangBachelorKristofBachelorprufung,
    title = {{Kristof L{\"{u}}nenschlo{\ss} Technische Infrastrukturen f{\"{u}}r Microservices-basierte Anwendungen Bachelorarbeit eingereicht im Rahmen der Bachelorpr{\"{u}}fung}},
    author = {Studiengang Bachelor, im and Pr{\"{u}}fer, Betreuender and Sarstedt Zweitgutachterin, Stefan and Steffens, Ulrike and L{\"{u}}nenschlo{\ss}, Kristof},
    url = {http://edoc.sub.uni-hamburg.de/haw/volltexte/2017/3895/pdf/bachelorthesis.pdf},
    keywords = {DevOps, infrastructure, microservices}
}

@book{Rensin2015Kubernetes,
    title = {{Kubernetes}},
    year = {2015},
    author = {Rensin, David K.},
    editor = {Anderson, Brian},
    publisher = {O’Reilly Media, Inc},
    isbn = {9781491935996}
}

@article{Markstedt2017KubernetesProblems,
    title = {{Kubernetes as an approach for solving bioinformatic problems}},
    year = {2017},
    author = {Markstedt, Olof},
    number = {September}
}

@book{Vohra2017KubernetesPatterns,
    title = {{Kubernetes Management Design Patterns}},
    year = {2017},
    author = {Vohra, Deepak},
    url = {http://link.springer.com/10.1007/978-1-4842-2598-1},
    isbn = {978-1-4842-2597-4},
    doi = {10.1007/978-1-4842-2598-1}
}

@book{Vohra2016KubernetesDocker,
    title = {{Kubernetes Microservices with Docker}},
    year = {2016},
    author = {Vohra, Deepak},
    url = {http://link.springer.com/10.1007/978-1-4842-1907-2},
    isbn = {978-1-4842-1906-5},
    doi = {10.1007/978-1-4842-1907-2},
    issn = {0004-637X},
    pmid = {24798474},
    arxivId = {1306.0902}
}

@book{RiceKubernetesSecurity,
    title = {{Kubernetes Security}},
    author = {Rice, Liz and Hausenblas, Michael},
    isbn = {9781492046004}
}

@article{Pai2016LinuxTechniques,
    title = {{Linux hardening techniques}},
    year = {2016},
    author = {Pai, Sahithya J and Kumar, Ashok and Gopal, Ashika},
    number = {1},
    pages = {94--99},
    isbn = {9781509023998},
    keywords = {1, 2, 3, 4, apparmor, cgroups, container has all of, density, docker, isolation via namespace and, lsm, scalability, security, selinux, the following properties}
}

@article{Schwan2003Lustre:Clusters,
    title = {{Lustre: Building a File System for 1,000-node Clusters}},
    year = {2003},
    journal = {Proceedings of the Linux Symposium},
    author = {Schwan, Philip},
    pages = {401--409},
    isbn = {9789176859551},
    doi = {10.1.1.2.456},
    issn = {15927830},
    pmid = {21197692}
}

@book{Sayfan2018MasteringEdition.,
    title = {{Mastering Kubernetes Master the art of container management by using the power of Kubernetes, 2nd Edition.}},
    year = {2018},
    author = {Sayfan, Gigi.},
    publisher = {Packt Publishing},
    url = {https://www.packtpub.com/application-development/mastering-kubernetes-second-edition},
    isbn = {9781788999786}
}

@article{Korhonen2017MikkoINVOICING,
    title = {{Mikko Korhonen ANALYZING RESOURCE USAGE ON MULTI TENANT CLOUD CLUSTER FOR INVOICING}},
    year = {2017},
    author = {Korhonen, Mikko},
    number = {November}
}

@inproceedings{Medel2016ModellingKubernetes,
    title = {{Modelling performance {\&}amp; resource management in kubernetes}},
    year = {2016},
    booktitle = {Proceedings of the 9th International Conference on Utility and Cloud Computing - UCC '16},
    author = {Medel, Víctor and Rana, Omer and Ba{\~{n}}ares, José ángel and Arronategui, Unai},
    pages = {257--262},
    url = {http://dl.acm.org/citation.cfm?doid=2996890.3007869},
    isbn = {9781450346160},
    doi = {10.1145/2996890.3007869},
    keywords = {containers, performance model, resource management}
}

@article{Medel2016ModellingKubernetesb,
    title = {{Modelling performance {\&}amp; resource management in kubernetes}},
    year = {2016},
    journal = {Proceedings of the 9th International Conference on Utility and Cloud Computing - UCC '16},
    author = {Medel, Víctor and Rana, Omer and Ba{\~{n}}ares, José ángel and Arronategui, Unai},
    pages = {257--262},
    url = {http://dl.acm.org/citation.cfm?doid=2996890.3007869},
    isbn = {9781450346160},
    doi = {10.1145/2996890.3007869}
}

@article{Crecana2018Monitoring-basedClouds,
    title = {{Monitoring-based auto-scalability across hybrid clouds}},
    year = {2018},
    journal = {Proceedings of the ACM Symposium on Applied Computing},
    author = {"Crecana, C-C and Pop, F"},
    volume = {Part F1378},
    url = {https://www.scopus.com/inward/record.url?eid=2-s2.0-85050572319&partnerID=40&md5=c4ceaa29342c3adcd8aded51600034bd},
    isbn = {9781450351911},
    doi = {10.1145/3167132.3167248},
    keywords = {Auto-scalability, Cloud Computing, Microservices, Queuing Theory, Task Scheduling}
}

@article{Ijtihadie2017MultiProcess,
    title = {{Multi Criteria Decision System for Distribution Provisioning and Resource Optimization Using Analytical Hierarchy Process}},
    year = {2017},
    author = {Ijtihadie, Royyana M and Santoso, Bagus Jati and Fablius, Daniel and Putu, I Dewa and Nusawan, Ardi},
    pages = {197--202},
    isbn = {9781538628270},
    keywords = {ahp, analytical hierarchy process, application requests for more, computation resources, container will also continue, docker container, multi criteria, then the, this will cause some, to grow}
}

@article{SoNFSSystem,
    title = {{NFS M : An Open Platform Mobile File System}},
    author = {So, Old K Y and Tam, T S}
}

@article{Guo2014NFSComputing,
    title = {{NFS protocol performance analysis and improvement for mobile transparent computing}},
    year = {2014},
    journal = {Proceedings - 2013 IEEE International Conference on High Performance Computing and Communications, HPCC 2013 and 2013 IEEE International Conference on Embedded and Ubiquitous Computing, EUC 2013},
    author = {Guo, Shaoming and Yang, Wang and Wang, Guojun},
    pages = {1878--1883},
    publisher = {IEEE},
    isbn = {9780769550886},
    doi = {10.1109/HPCC.and.EUC.2013.269},
    keywords = {Network File System, block size, mobile devices, transparent computing}
}

@article{Pawlowski1994NFSImplementation,
    title = {{NFS Version 3 Design and Implementation}},
    year = {1994},
    journal = {USENIX Summer Conference},
    author = {Pawlowski, Brian and Juszczak, Chet and Staubach, Peter and Smith, Carl and Lebel, Diane and Hitz, David},
    pages = {1--16},
    url = {papers2://publication/uuid/E5B9BC7A-BB8A-46F5-ADFF-5B3567849ABE}
}

@article{Lombard2002Nfsp:Workstations,
    title = {{nfsp: A distributed NFS server for clusters of workstations}},
    year = {2002},
    journal = {Proceedings - International Parallel and Distributed Processing Symposium, IPDPS 2002},
    author = {Lombard, P. and Denneulin, Y.},
    pages = {337--342},
    publisher = {IEEE},
    isbn = {0769515738},
    doi = {10.1109/IPDPS.2002.1015512}
}

@book{ObjectDummies,
    title = {{Object Storage for Dummies}},
    isbn = {978-1-118-64022-7}
}

@inproceedings{FactorObjectPaper,
    title = {{Object Storage: The Future Building Block for Storage Systems A Position Paper}},
    booktitle = {2005 IEEE International Symposium on Mass Storage Systems and Technology},
    author = {Factor, M. and Meth, K. and Naor, D. and Rodeh, O. and Satran, J.},
    pages = {119--123},
    publisher = {IEEE},
    url = {http://ieeexplore.ieee.org/document/1612479/},
    isbn = {0-7803-9228-0},
    doi = {10.1109/LGDI.2005.1612479}
}

@article{Smet2016On-demandClouds,
    title = {{On-demand provisioning of long-tail services in distributed clouds}},
    year = {2016},
    journal = {Proceedings of the NOMS 2016 - 2016 IEEE/IFIP Network Operations and Management Symposium},
    author = {Smet, Piet and Dhoedt, Bart and Simoens, Pieter},
    pages = {1320--1323},
    isbn = {9781509002238},
    doi = {10.1109/NOMS.2016.7503011},
    keywords = {Docker, long-tail, on-demand, provisioning, services}
}

@article{Yin2015Opass:Systems,
    title = {{Opass: Analysis and Optimization of Parallel Data Access on Distributed File Systems}},
    year = {2015},
    journal = {Proceedings - 2015 IEEE 29th International Parallel and Distributed Processing Symposium, IPDPS 2015},
    author = {Yin, Jiangling and Wang, Jun and Zhou, Jian and Lukasiewicz, Tyler and Huang, Dan and Zhang, Junyao},
    pages = {623--632},
    isbn = {9781479986484},
    doi = {10.1109/IPDPS.2015.55},
    issn = {1530-2075},
    keywords = {Bipartite Matching, Distributed File Systems, Parallel Data Access}
}

@article{Zhou2012OptimizeStrategy,
    title = {{Optimize block-level cloud storage system with load-balance strategy}},
    year = {2012},
    journal = {Proceedings of the 2012 IEEE 26th International Parallel and Distributed Processing Symposium Workshops, IPDPSW 2012},
    author = {Zhou, Li and Wang, Yi Cheng and Zhang, Ji Lin and Wan, Jian and Ren, Yong Jian},
    pages = {2162--2167},
    publisher = {IEEE},
    isbn = {9780769546766},
    doi = {10.1109/IPDPSW.2012.267},
    keywords = {cloud storage, genetic algorithm, load balance, logical volume, virtual block store}
}

@article{Dua2017PerformanceDocker,
    title = {{Performance analysis of Union and CoW File Systems with Docker}},
    year = {2017},
    journal = {International Conference on Computing, Analytics and Security Trends, CAST 2016},
    author = {Dua, Rajdeep and Kohli, Vaibhav and Patil, Sriram and Patil, Swapnil},
    pages = {550--555},
    isbn = {9781509013388},
    doi = {10.1109/CAST.2016.7915029},
    issn = {00219258},
    keywords = {Copy-on-write File Systems, Docker, Linux Containers, Unioning File Systems}
}

@article{Shirinbab2013PerformanceComputing,
    title = {{Performance evaluation of distributed storage systems for cloud computing}},
    year = {2013},
    journal = {International Journal of Computers and their Applications},
    author = {Shirinbab, Sogand and Lundberg, Lars and Erman, David},
    number = {4},
    pages = {195--207},
    volume = {20},
    issn = {10765204},
    keywords = {Cloud computing, Compuverde, Distributed storage system, File system, Gluster, OpenStack (Swift)}
}

@article{Leberknight2008PolyglotPersistence,
    title = {{Polyglot Persistence}},
    year = {2008},
    journal = {Datenbank-Spektrum},
    author = {Leberknight, S},
    number = {3},
    pages = {229--233},
    volume = {15},
    url = {http://link.springer.com/10.1007/s13222-015-0194-1%5Cnhttps://www.altamiracorp.com/blog/employee-posts/polyglot-persistence},
    isbn = {0361-3666, 0361-3666},
    doi = {10.1007/s13222-015-0194-1},
    issn = {1618-2162},
    pmid = {17349002}
}

@article{Heidari2017QoSSurvey,
    title = {{QoS assurance with light virtualization - A survey}},
    year = {2017},
    journal = {Proceedings of the International Conference on Cloud Computing Technology and Science, CloudCom},
    author = {Heidari, Parisa and Lemieux, Yves and Shami, Abdallah},
    pages = {558--563},
    isbn = {9781509014453},
    doi = {10.1109/CloudCom.2016.0097},
    issn = {23302186},
    keywords = {Aurora, Cloud Computing, Fleet, Kubernetes, Light virtualization, Linux Container, Marathon, Mesos, Quality of Service (QoS), Swarm}
}

@article{Weil2007Rados:Clusters,
    title = {{Rados: a scalable, reliable storage service for petabyte-scale storage clusters}},
    year = {2007},
    journal = {Pdsw},
    author = {Weil, Sage and Leung, Aw},
    pages = {35--44},
    url = {http://dl.acm.org/citation.cfm?id=1374606},
    isbn = {9781595938992},
    doi = {10.1145/1374596.1374606},
    keywords = {clustered storage, object-based stor-, petabyte-scale storage}
}

@phdthesis{Steinhauer2017RealisierungCI-Service,
    title = {{Realisierung einer Infrastructure-as-Code-Anwendung zum automatisierten Aufsetzen eines CI-Service}},
    year = {2017},
    author = {Steinhauer, Patrick},
    url = {http://edoc.sub.uni-hamburg.de/haw/volltexte/2017/3954/pdf/BA_PatrickSteinhauer.pdf}
}

@article{Li2018Redis-basedTechnology,
    title = {{Redis-based web server cluster session maintaining technology}},
    year = {2018},
    journal = {ICNC-FSKD 2017 - 13th International Conference on Natural Computation, Fuzzy Systems and Knowledge Discovery},
    author = {Li, Songhuan and Jiang, Hong and Shi, Mingkang},
    pages = {3065--3069},
    publisher = {IEEE},
    isbn = {9781538621653},
    doi = {10.1109/FSKD.2017.8393274},
    keywords = {Redis, cookie, load balance, server cluster, session}
}

@article{REINVENTINGCONTAINERS,
    title = {{REINVENTING STORAGE FOR CONTAINERS}}
}

@book{Guo2000SeparationChromatography,
    title = {{Separation and determination of alcohol-or alkylphenol ethoxy carboxylate acids by reversed-phase ion pair high performance liquid chromatography}},
    year = {2000},
    booktitle = {Fenxi Huaxue},
    author = {Guo, Lin and Tong, Tianzhong and Chen, Kongchang and Tian, He},
    number = {4},
    pages = {410},
    volume = {28},
    url = {http://www.springer.com/series/7408%0Ahttps://link-springer-com.liverpool.idm.oclc.org/content/pdf/10.1007%2F978-3-319-44482-6.pdf},
    isbn = {9783319571850},
    doi = {10.1007/978},
    issn = {02533820},
    keywords = {Alkyl ethoxy carboxylate acid, Reversed-phase ion pair high performance liquid ch}
}

@book{Yin2004SequentialSpectrometry,
    title = {{Sequential injection analysis system for the determination of arsenic by hydride generation atomic absorption spectrometry}},
    year = {2004},
    booktitle = {Fenxi Huaxue},
    author = {Yin, Xuefeng and Zhang, Jianjun and Wang, Xiaofang},
    number = {10},
    pages = {1365--1367},
    volume = {32},
    url = {https://ai.google/research/pubs/pub43826 http://www.oreilly.com/webops-perf/free/kubernetes.csp},
    isbn = {9788578110796},
    doi = {10.1017/CBO9781107415324.004},
    issn = {02533820},
    pmid = {25246403},
    arxivId = {arXiv:1011.1669v3},
    keywords = {Arsenic, Hydride generation atomic absorption spectrometry, Sequential injection}
}

@article{Mohanty2018ServerlessKubernetes,
    title = {{Serverless Computing framework based on Kubernetes}},
    year = {2018},
    author = {Mohanty, Sunil Kumar and Francesco, Mario Di}
}

@article{Fan2012Smart-blockingComputing,
    title = {{Smart-blocking file storage method in cloud computing}},
    year = {2012},
    journal = {2012 1st IEEE International Conference on Communications in China, ICCC 2012},
    author = {Fan, Kai and Zhao, Libin and Shen, Xuemin and Li, Hui and Yang, Yintang},
    pages = {57--62},
    isbn = {9781467328159},
    doi = {10.1109/ICCChina.2012.6356951},
    keywords = {cloud computing, file storage, smart-blocking, uniformity}
}

@article{Lee2016Software-DefinedSurvey,
    title = {{Software-Defined Storage-Based Data Infrastructure Supportive of Hydroclimatology Simulation Containers: A Survey}},
    year = {2016},
    journal = {Data Science and Engineering},
    author = {Lee, Wonjun and Kumar, Sanjiv},
    number = {2},
    pages = {65--72},
    volume = {1},
    publisher = {Springer Berlin Heidelberg},
    url = {http://link.springer.com/10.1007/s41019-016-0008-y},
    isbn = {4101901600},
    doi = {10.1007/s41019-016-0008-y},
    issn = {2364-1185},
    keywords = {Container, Hydroclimatology, Scalability, Software-defined storage, container, hydroclimatology, scalability, software-defined storage}
}

@article{Mesnier2003StorageStorage,
    title = {{Storage area networking - Object-based storage}},
    year = {2003},
    journal = {IEEE Communications Magazine},
    author = {Mesnier, M. and Ganger, G.R. and Riedel, E.},
    number = {8},
    pages = {84--90},
    volume = {41},
    url = {http://ieeexplore.ieee.org/lpdocs/epic03/wrapper.htm?arnumber=1222722},
    doi = {10.1109/MCOM.2003.1222722},
    issn = {0163-6804}
}

@article{Takasaka2005SurveyApproaches,
    title = {{Survey of Persistence Approaches}},
    year = {2005},
    author = {Takasaka, Shinji},
    number = {December}
}

@article{Peddemors2010SurveyStorage,
    title = {{Survey of Technologies for Wide Area Distributed Storage}},
    year = {2010},
    journal = {Database},
    author = {Peddemors, Arjan and Kuun, Christiaan and Dekkers, Paul and Besten, Christiaan Den}
}

@article{Modak2018Techniques,
    title = {{Techniques to Secure Data on Cloud : Docker Swarm or Kubernetes ?}},
    year = {2018},
    author = {Modak, Arsh and Chaudhary, Prof S D and Paygude, Prof P S and Idate, Prof S R},
    number = {Icicct},
    pages = {7--12},
    isbn = {9781538619742},
    keywords = {cloud, cloud computing, cloud-computing, com, docker, docker swarm, feb 2018, fig1, http, img, jpg, kubernetes, osaipl, retreived from, security in cloud}
}

@book{Rao2018TheSurvey,
    title = {{The big data system, components, tools, and technologies: a survey}},
    year = {2018},
    booktitle = {Knowledge and Information Systems},
    author = {Rao, T. Ramalingeswara and Mitra, Pabitra and Bhatt, Ravindara and Goswami, A.},
    publisher = {Springer London},
    url = {https://doi.org/10.1007/s10115-018-1248-0},
    isbn = {1011501812480},
    doi = {10.1007/s10115-018-1248-0},
    issn = {02193116},
    keywords = {Big data, Components of big data system, Data analytics, Distributed file systems, NoSQL databases, SQL Query tools, Visualization}
}

@article{TheProduction,
    title = {{The Expert ’ s Guide to Running Containers in Production}}
}

@article{Cheng2012TheSystem,
    title = {{The feasibility research of cloud storage based on Global File System}},
    year = {2012},
    journal = {Proceedings - 2012 9th International Conference on Fuzzy Systems and Knowledge Discovery, FSKD 2012},
    author = {Cheng, Kefei and Wang, Nan},
    number = {Fskd},
    pages = {2507--2510},
    isbn = {9781467300223},
    doi = {10.1109/FSKD.2012.6233946},
    keywords = {Cloud Storage, File system recovery, GFS, Read and write performance}
}

@article{Wu2010TheEnvironment,
    title = {{The optimization theory of file partition in network storage environment}},
    year = {2010},
    journal = {Proceedings - 9th International Conference on Grid and Cloud Computing, GCC 2010},
    author = {Wu, Hai Jia and Peng, Liu and Chen, Wei Wei},
    pages = {30--33},
    isbn = {9780769543130},
    doi = {10.1109/GCC.2010.19},
    issn = {10974628},
    keywords = {File partition, Network storage, Optimizing file partition, Storage node availability}
}

@article{Xie2017TheKubernetes,
    title = {{The Performance Analysis of Docker and Rkt Based on Kubernetes}},
    year = {2017},
    author = {Xie, Xiao-lan and Wang, Peng and Wang, Qi},
    pages = {2137--2141},
    isbn = {9781538621653},
    keywords = {-container cloud}
}

@article{XiaoD.ZhangC.Li2015TheStorage,
    title = {{The Performance Analysis of GlusterFS in Virtual Storage}},
    year = {2015},
    author = {Xiao, D., Zhang, C., {\&} Li, X.},
    number = {Ameii},
    pages = {199--203},
    keywords = {glusterfs, memory bottleneck, performance test, virtual machine}
}

@techreport{EingereichtImRahmenDerBachelorprufungTimoDocker,
    title = {{Timo Feddersen Evaluierung unterschiedlicher Persistenzl{\"{o}}sungen f{\"{u}}r Docker}},
    author = {Eingereicht Im Rahmen Der Bachelorpr{\"{u}}fung, Bachelorarbeit and Pr{\"{u}}fer, Betreuender and Sarstedt, Stefan and Steeens, Ulrike},
    url = {http://edoc.sub.uni-hamburg.de/haw/volltexte/2017/3778/pdf/BA.pdf},
    keywords = {Docker, VM, Virtual machine, Volume, Volume-Plugin, persistence}
}

@article{Combe2016ToPerspective,
    title = {{To Docker or Not to Docker: A Security Perspective}},
    year = {2016},
    journal = {IEEE Cloud Computing},
    author = {Combe, Theo and Martin, Antony and Di Pietro, Roberto},
    number = {5},
    pages = {54--62},
    volume = {3},
    doi = {10.1109/MCC.2016.100},
    issn = {23256095},
    keywords = {Docker, cloud computing, containers, security, virtualization}
}

@inproceedings{Mohamed2018Ubiquity:Environments,
    title = {{Ubiquity: An Extensible Framework for Persistence in Container Environments}},
    year = {2018},
    booktitle = {Lecture Notes in Computer Science (including subseries Lecture Notes in Artificial Intelligence and Lecture Notes in Bioinformatics)},
    author = {Mohamed, Mohamed and Engel, Robert and Warke, Amit and Ludwig, Heiko},
    month = {11},
    pages = {398--401},
    volume = {10797 LNCS},
    publisher = {Springer, Cham},
    url = {http://link.springer.com/10.1007/978-3-319-91764-1_38},
    isbn = {9783319917634},
    doi = {10.1007/978-3-319-91764-1{\_}38},
    issn = {16113349},
    keywords = {CloudFoundry, Docker, Kubernetes, Persistence}
}

@article{Grattafiori-TechnicalDirector2016UnderstandingBy,
    title = {{Understanding and Hardening Linux Containers-Version 1.1 Prepared by}},
    year = {2016},
    author = {Grattafiori -Technical Director, Aaron},
    pages = {1--123},
    url = {https://www.nccgroup.trust/globalassets/our-research/us/whitepapers/2016/april/ncc_group_understanding_hardening_linux_containers-1-1.pdf}
}

@techreport{ByszioUntersuchungDocker,
    title = {{Untersuchung selbstheilender Microservices mit Docker}},
    author = {Byszio, Max},
    url = {http://baun-vorlesungen.appspot.com/Abschlussarbeiten/Bachelorarbeit_Max_Byszio_2018.pdf}
}

@article{Howe2012VirtualResearch,
    title = {{Virtual appliances, cloud computing, and reproducible research}},
    year = {2012},
    journal = {Computing in Science and Engineering},
    author = {Howe, Bill},
    number = {4},
    pages = {36--41},
    volume = {14},
    isbn = {1521-9615},
    doi = {10.1109/MCSE.2012.62},
    issn = {15219615},
    keywords = {case studies in scientific applications, cloud computing, information storage and retrieval, reproducible results, scientific computing, services computing}
}

@article{Scheepers2014VirtualizationComparison,
    title = {{Virtualization and Containerization of Application Infrastructure : A Comparison}},
    year = {2014},
    journal = {21st Twente Student Conference on IT},
    author = {Scheepers, Mathijs Jeroen},
    pages = {1--7},
    url = {https://pdfs.semanticscholar.org/b06b/c9d88762f5146445bd44e9a9deab174591dd.pdf},
    keywords = {application, cloud computing, container-based virtualization, hypervisor, infrastructure, lxc, virtualization, xen}
}

@article{Dua2014VirtualizationPaaS,
    title = {{Virtualization vs containerization to support PaaS}},
    year = {2014},
    journal = {Proceedings - 2014 IEEE International Conference on Cloud Engineering, IC2E 2014},
    author = {Dua, Rajdeep and Raja, A. Reddy and Kakadia, Dharmesh},
    pages = {610--614},
    isbn = {9781479937660},
    doi = {10.1109/IC2E.2014.41},
    issn = {2373-3845},
    pmid = {11242594},
    arxivId = {0521865719 9780521865715},
    keywords = {container, paas, virtualization}
}

@book{2017Title,
    title = {{病院・介護施設におけるノロウイルス感染症の拡大防止対策を 目的とした吐物の飛散状況に関する研究No Title}},
    year = {2017},
    booktitle = {感染症誌},
    author = {{林伸行}},
    pages = {399--404},
    volume = {91}
}