%% This BibTeX bibliography file was created using BibDesk.
%% http://bibdesk.sourceforge.net/


%% Created for Willy Wonka at 2012-09-11 11:36:25 +0200 


%% Saved with string encoding Unicode (UTF-8) 



@article{Lin1973,
	Author = {Shen Lin and Brian W. Kernighan},
	Journal = {Operations Research},
	Pages = {498--516},
	Title = {An Effective Heuristic Algorithm for the Travelling-Salesman Problem},
	Volume = {21},
	Year = {1973},
}

@MISC{Sandberg85designfs,
    author = {Russel Sandberg and David Goldberg and Steve Kleiman and Dan Walsh and Bob Lyon},
    title = {Design and Implementation of the Sun Network Filesystem},
    year = {1985}
}

@ONLINE{docker:vmvsdocker,
	Author = {Jenny Fong},
	Date-Modified = {August 30, 2018},
	Note = {[Online; Stand \today]},
	Title = {Are Containers Replacing Virtual Machines?},
	Url = {https://blog.docker.com/2018/08/containers-replacing-virtual-machines/},
	Year = {2018},
	Bdsk-Url-1 = {https://blog.docker.com/2018/08/containers-replacing-virtual-machines/},
}
	
@ONLINE{docker:doc,
  key = {Docker Documentation},
  title = {Docker Documentation},
  url = {https://docs.docker.com/},
  Note = {[Online; Stand \today]},
}

@ONLINE{gluster:release,
  key = {Gluster Release Schedule},
  title = {Gluster Release Schedule},
  url = {https://www.gluster.org/release-schedule/},
  Note = {[Online; Stand \today]},
}

@ONLINE{kube:doc,
  key = {Kubernetes Documentation},
  title = {Kubernetes Documentation},
  url = {https://kubernetes.io/docs/home/},
  Note = {[Online; Stand \today]},
}

@ONLINE{doc:overview,
  key = {Docker Overview},
  title = {Docker overview},
  url = {https://docs.docker.com/engine/docker-overview/#docker-objects},
  Note = {[Online; Stand \today]},
}

@ONLINE{kube:pod,
  key = {Pod Overview - Kubernetes},
  title = {Pod Overview - Kubernetes},
  url = {https://kubernetes.io/docs/concepts/workloads/pods/pod-overview/},
  Note = {[Online; Stand \today]},
}

@ONLINE{helm:docs,
  key = {Helm Documentation},
  title = {Helm Documentation},
  url = {https://docs.helm.sh/},
  Note = {[Online; Stand \today]},
}

@ONLINE{helm,
  key = {Helm - The Kubernetes Package Manager},
  title = {Helm - The Kubernetes Package Manager},
  url = {https://helm.sh/},
  Note = {[Online; Stand \today]},
}

@ONLINE{helm:github,
  key = {Helm Charts},
  title = {Helm Charts},
  url = {https://github.com/helm/charts},
  Note = {[Online; Stand \today]},
}

@ONLINE{kube:pod2,
  key = {Pods - Kubernetes},
  title = {Pods - Kubernetes},
  url = {https://kubernetes.io/docs/concepts/workloads/pods/pod/},
  Note = {[Online; Stand \today]},
}

@ONLINE{kube:survey,
  Author = {Kaitlyn Barnard},
  title = {CNCF Survey: Use of Cloud Native Technologies in Production Has Grown Over 200\%},
  url = {https://www.cncf.io/blog/2018/08/29/cncf-survey-use-of-cloud-native-technologies-in-production-has-grown-over-200-percent/},
  Year = {2018},
  Note = {[Online; Stand \today]},
}
%howpublished = {https://www.cncf.io/blog/2017/06/28/survey-shows-kubernetes-leading-orchestration-platform/},

@techreport{depardon:hal-00789086,
  TITLE = {Analysis of Six Distributed File Systems},
  AUTHOR = {Depardon, Benjamin and Le Mahec, Ga{\"e}l and S{\'e}guin, Cyril},
  URL = {https://hal.inria.fr/hal-00789086},
  TYPE = {Research Report},
  PAGES = {44},
  YEAR = {2013},
  MONTH = Feb,
  KEYWORDS = {Distributed file system ; HDFS ; MooseFS ; iRODS ; Ceph ; GlusterFS ; Lustre},
  PDF = {https://hal.inria.fr/hal-00789086/file/a_survey_of_dfs.pdf},
  HAL_ID = {hal-00789086},
  HAL_VERSION = {v1},
}

@ONLINE{doc:release,
  Author = {Julien Barbier},
  title = {	It’s Here: Docker 1.0},
  url = {https://blog.docker.com/2014/06/its-here-docker-1-0/},
  Year = {2014},
  Note = {[Online; Stand \today]},
}

@ONLINE{kube:volumes,
  key = {Volumes - Kubernetes},
  title = {Volumes - Kubernete},
  url = {https://kubernetes.io/docs/concepts/storage/volumes/},
  Note = {[Online; Stand \today]},
}

@ONLINE{kube:pv,
  key = {Volumes - Kubernetes},
  title = {Volumes - Kubernete},
  url = {https://kubernetes.io/docs/concepts/storage/persistent-volumes/},
  Note = {[Online; Stand \today]},
}

@ONLINE{gluster:ansibledebian,
  key = {Ansible Role: GlusterFS},
  author = {Jeff Geerling},
  year = {2015},
  title = {Ansible Role: GlusterFS},
  url = {https://github.com/geerlingguy/ansible-role-glusterfs},
  Note = {[Online; Stand \today]},
}

@ONLINE{gluster:includekubernetesteps,
  key = {Containerized Heketi with an dedicated GlusterFS cluster},
  title = {Containerized Heketi with an dedicated GlusterFS cluster},
  year = {2017},
  author = {Scott Creeley},
  url = {https://github.com/gluster/gluster-kubernetes/blob/master/docs/examples/containerized_heketi_dedicated_gluster/README.md},
  Note = {[Online; Stand \today]},
}

@report{GlusterCloudArchitecture2, 
    type = {White Paper},
    title = {Cloud Storage for the Modern Data Center An Introduction to Gluster Architecture}, 
    author = {Gluster Inc.}, 
    year = {2011},
    url = {https://confluence.oceanobservatories.org/download/attachments/30998760/An_Introduction_To_Gluster_ArchitectureV7_110708.pdf},
    keywords = {application, file systems, glusterfs, manual} 
}

@misc{gluster:includekubernete,
  key = {gluster-kubernetes: Setup Guide},
  title = {gluster-kubernetes: Setup Guide},
  url = {https://github.com/gluster/gluster-kubernetes/blob/master/docs/setup-guide.md},
  Note = {[Online; Stand \today]},
}

@ONLINE{gluster:ansible,
  key = {Gluster Ansible Roles},
  title = {Gluster Ansible Roles},
  url = {https://github.com/gluster/gluster-ansible},
  Note = {[Online; Stand \today]},
}


@ONLINE{gluster-kubernetes,
  key = {GlusterFS Native Storage Service for Kubernetes},
  title = {GlusterFS Native Storage Service for Kubernetes},
  url = {https://github.com/gluster/gluster-kubernetes/blob/master/docs/setup-guide.md},
  Note = {[Online; Stand \today]},
}


@ONLINE{kube:components,
  key = {Kubernetes Components},
  title = {Kubernetes Components},
  url = {https://kubernetes.io/docs/concepts/overview/components/},
  Note = {[Online; Stand \today]},
}

@ONLINE{kube:cloundcontroller,
  key = {Kubernetes Cloud Controller Manager},
  title = {Kubernetes Cloud Controller Manager},
  url = {https://kubernetes.io/docs/tasks/administer-cluster/running-cloud-controller/},
  Note = {[Online; Stand \today]},
}

@ONLINE{quobyte:about,
  key = {About Quobyte},
  title = {About Quobyte},
  url = {https://www.quobyte.com/about},
  Note = {[Online; Stand \today]},
}

@REPORT{quobyte:whitepaper,
  type = {White Paper},
  author = {Quobyte Inc.},
  institution = {Quobyte Inc.},
  year = {2018},
  title = {Data Center File System},
  url = {https://www.quobyte.com/downloads/quobyte-tech_whitepaper.pdf},
  Note = {[Online; Stand \today]},
}

@ONLINE{ceph:recommendationsr,
  key = {Ceph Hardware Recommendations},
  title = {Ceph Hardware Recommendations},
  url = {http://docs.ceph.com/docs/jewel/start/hardware-recommendations/},
  Note = {[Online; Stand \today]},
}

@ONLINE{portworx:date,
  key = {PX-Enterprise 1.4 Release},
  title = {PX-Enterprise 1.4 Brings Application Consistent Snapshots to Kubernetes},
  url = {https://portworx.com/px-14-release/},
  Note = {[Online; Stand \today]},
}

@ONLINE{gluster:vm,
  key = {Setup, Method 1 – Setting up in virtual machines},
  title = {Setup, Method 1 – Setting up in virtual machines},
  url = {https://docs.gluster.org/en/v3/Install-Guide/Setup_virt/},
  Note = {[Online; Stand \today]},
}

@ONLINE{gluster:bm,
  key = {Setup, Method 2 – Setting up on physical servers},
  title = {Setup, Method 2 – Setting up on physical serverss},
  url = {https://docs.gluster.org/en/v3/Install-Guide/Setup_Bare_metal/},
  Note = {[Online; Stand \today]},
}

@techreport{Grattafiori2016UnderstandingBy, 
    title = {Understanding and Hardening Linux Containers-Version 1.1}, 
    year = {2016}, author = {Grattafiori, Aaron}, 
    pages = {1--123}, 
    url = {https://www.nccgroup.trust/globalassets/our-research/us/whitepapers/2016/april/ncc_group_understanding_hardening_linux_containers-1-1.pdf},
    institution = {NCC Group}
}

@book{Rensin2015Kubernetes43826,
title	= {Kubernetes - Scheduling the Future at Cloud Scale},
author	= {David K. Rensin},
year	= {2015},
URL	= {http://www.oreilly.com/webops-perf/free/kubernetes.csp},
booktitle	= {OSCON 2015},
pages	= {All},
address	= {1005 Gravenstein Highway North Sebastopol, CA 95472},
publisher = {O’Reilly Media, Inc},
}

@article{DBLP:journals/corr/Bui15,
  author    = {Thanh Bui},
  title     = {Analysis of Docker Security},
  journal   = {CoRR},
  volume    = {abs/1501.02967},
  year      = {2015},
  url       = {http://arxiv.org/abs/1501.02967},
  archivePrefix = {arXiv},
  eprint    = {1501.02967},
  pages =  {},
  timestamp = {Mon, 13 Aug 2018 16:46:28 +0200},
  biburl    = {https://dblp.org/rec/bib/journals/corr/Bui15},
  bibsource = {dblp computer science bibliography, https://dblp.org}
}

@book{cephcookbook,
 author = {Umrao, Vikhyat and Hackett, Michael and Singh, Karan},
 title = {Ceph Cookbook - Second Edition: Practical Recipes to Design, Implement, Operate, and Manage Ceph Storage Systems},
 year = {2017},
 isbn = {1788391063, 9781788391061},
 edition = {2nd},
 publisher = {Packt Publishing},
} 

@book{9781788994729,
  Author = {Jonathan Baier and Jesse White},
  Title = {Getting Started with Kubernetes: Extend your containerization strategy by orchestrating and managing large-scale container deployments, 3rd Edition},
  Publisher = {Packt Publishing},
  Year = {2018},
  ISBN = {1788994728, 9781788994729},
}

@inproceedings{Weil:2006:CSH:1298455.1298485,
 author = {Weil, Sage A. and Brandt, Scott A. and Miller, Ethan L. and Long, Darrell D. E. and Maltzahn, Carlos},
 title = {Ceph: A Scalable, High-performance Distributed File System},
 booktitle = {Proceedings of the 7th Symposium on Operating Systems Design and Implementation},
 series = {OSDI '06},
 year = {2006},
 isbn = {1-931971-47-1},
 location = {Seattle, Washington},
 pages = {307--320},
 numpages = {14},
 url = {http://dl.acm.org/citation.cfm?id=1298455.1298485},
 acmid = {1298485},
 publisher = {USENIX Association}
} 
%address = {Berkeley, CA, USA},